<record><leader>00000cas a22000007a 4500</leader><controlfield tag="001">12895085</controlfield><controlfield tag="008">851211d18951920iaudr ne      0    0eng d</controlfield><datafield ind1=" " ind2=" " tag="010"><subfield code="a">sn 85049851 </subfield></datafield><datafield ind1=" " ind2=" " tag="040"><subfield code="a">INP</subfield><subfield code="b">eng</subfield><subfield code="c">INP</subfield><subfield code="d">OCLCQ</subfield></datafield><datafield ind1=" " ind2=" " tag="042"><subfield code="a">msc</subfield></datafield><datafield ind1="0" ind2=" " tag="130"><subfield code="a">Daily nonpareil (Council Bluffs, Iowa : 1895)</subfield></datafield><datafield ind1="1" ind2="4" tag="245"><subfield code="a">The daily nonpareil.</subfield></datafield><datafield ind1="3" ind2="0" tag="246"><subfield code="a">Sunday nonpareil</subfield></datafield><datafield ind1=" " ind2=" " tag="260"><subfield code="a">Council Bluffs [Iowa] :</subfield><subfield code="b">New Nonpareil Co.,</subfield><subfield code="c">1895-1920.</subfield></datafield><datafield ind1=" " ind2=" " tag="300"><subfield code="a">26 v. :</subfield><subfield code="b">ill.</subfield></datafield><datafield ind1=" " ind2=" " tag="310"><subfield code="a">Daily</subfield></datafield><datafield ind1="0" ind2=" " tag="362"><subfield code="a">Vol. 34, no. 110 (June 27, 1895)-v. 59, no. 265 (Oct. 6, 1920).</subfield></datafield><datafield ind1=" " ind2=" " tag="500"><subfield code="a">"Leading Republican daily of western Iowa."</subfield></datafield><datafield ind1=" " ind2=" " tag="500"><subfield code="a">Sunday edition called: Sunday nonpareil.</subfield></datafield><datafield ind1=" " ind2=" " tag="500"><subfield code="a">"50th Anniversary Number" published Sept. 2, 1906.</subfield></datafield><datafield ind1=" " ind2=" " tag="500"><subfield code="a">Original editor: Robt. B. Peattie.</subfield></datafield><datafield ind1=" " ind2=" " tag="525"><subfield code="a">Issue for July 30, 1899 contains supplement called: Prosperity Edition : Council Bluffs at the Dawn of the Twentieth Century.</subfield></datafield><datafield ind1=" " ind2=" " tag="752"><subfield code="a">United States</subfield><subfield code="b">Iowa</subfield><subfield code="c">Pottawattamie</subfield><subfield code="d">Council Bluffs.</subfield></datafield><datafield ind1="0" ind2=" " tag="775"><subfield code="t">Weekly nonpareil</subfield><subfield code="w">(DLC)sn 85049847</subfield></datafield><datafield ind1="0" ind2=" " tag="775"><subfield code="t">Evening nonpareil</subfield><subfield code="w">(DLC)sn 85049852</subfield></datafield><datafield ind1="0" ind2="0" tag="780"><subfield code="t">Council Bluffs nonpareil (Council Bluffs, Iowa : 1889)</subfield><subfield code="w">(DLC)sn 85049850</subfield></datafield><datafield ind1="0" ind2="7" tag="785"><subfield code="t">Evening nonpareil</subfield><subfield code="w">(DLC)sn 85049852</subfield></datafield><datafield ind1="0" ind2="7" tag="785"><subfield code="t">Council Bluffs nonpareil (Council Bluffs, Iowa : 1920)</subfield><subfield code="w">(DLC)sn 85049853</subfield></datafield><datafield ind1="1" ind2=" " tag="029"><subfield code="a">AU@</subfield><subfield code="b">000025785619</subfield></datafield></record>